@inproceedings{devlin-etal-2019-bert,title = "{BERT}: Pre-training of Deep Bidirectional Transformers for Language Understanding",author = "Devlin, Jacob and Chang, Ming-Wei and Lee, Kenton and Toutanova, Kristina",editor = "Burstein, Jill and Doran, Christy and Solorio, Thamar",booktitle = "Proc. NAACL 2019 (volume1)",month = jun,year = "2019",address = "Minneapolis, Minnesota",publisher = acl,doi = "10.18653/v1/N19-1423",pages = "4171--4186"}